<record><leader>00000cas a2200000 a 4500</leader><controlfield tag="001">11601916</controlfield><controlfield tag="008">850121d1854185ucauwr ne      0    0eng c</controlfield><datafield ind1=" " ind2=" " tag="010"><subfield code="a">sn 85025203 </subfield></datafield><datafield ind1=" " ind2=" " tag="040"><subfield code="a">NPX</subfield><subfield code="b">eng</subfield><subfield code="c">NPX</subfield><subfield code="d">CNK</subfield><subfield code="d">OCL</subfield><subfield code="d">CNK</subfield><subfield code="d">OCLCQ</subfield><subfield code="d">OCLCF</subfield><subfield code="d">OCLCO</subfield></datafield><datafield ind1="1" ind2=" " tag="029"><subfield code="a">AU@</subfield><subfield code="b">000020233369</subfield></datafield><datafield ind1=" " ind2=" " tag="042"><subfield code="a">pcc</subfield></datafield><datafield ind1=" " ind2=" " tag="043"><subfield code="a">n-us-ca</subfield></datafield><datafield ind1="0" ind2="4" tag="245"><subfield code="a">The Trinity times.</subfield></datafield><datafield ind1=" " ind2=" " tag="260"><subfield code="a">Weaverville, Cal. :</subfield><subfield code="b">Rowe &amp; Cutler</subfield></datafield><datafield ind1=" " ind2=" " tag="300"><subfield code="a">v.</subfield></datafield><datafield ind1=" " ind2=" " tag="310"><subfield code="a">Weekly</subfield></datafield><datafield ind1="1" ind2=" " tag="362"><subfield code="a">Began in Dec. 1854; ceased in 1856?</subfield><subfield code="z">Cf. Kemble, E.C. Hist. of Calif. newspapers, 1846-1858.</subfield></datafield><datafield ind1=" " ind2=" " tag="500"><subfield code="a">Editors: E. Trask; E.A. Rowe; John Caspar Crowninshield; C.E. Williams, 1855; E. Pollack, 1855; W.S. Smart, 1855; J.G. Howard, 1855; J. Comney, 1855.</subfield></datafield><datafield ind1=" " ind2=" " tag="530"><subfield code="a">Master negatives are available for duplication from:</subfield><subfield code="b">California Newspaper Microfilm Archive;</subfield><subfield code="c">positive copies may be purchased by the reel; for further information consult the CNMA at:</subfield><subfield code="u">http://cbsr.ucr.edu</subfield></datafield><datafield ind1=" " ind2=" " tag="588"><subfield code="a">Description based on: Vol. 1, no. 2 (Dec. 16, 1854).</subfield></datafield><datafield ind1=" " ind2="0" tag="651"><subfield code="a">Trinity County (Calif.)</subfield><subfield code="v">Newspapers.</subfield></datafield><datafield ind1=" " ind2="7" tag="655"><subfield code="a">Newspapers.</subfield><subfield code="2">fast</subfield><subfield code="0">(OCoLC)fst01423814</subfield></datafield><datafield ind1=" " ind2="7" tag="651"><subfield code="a">California</subfield><subfield code="z">Trinity County.</subfield><subfield code="2">fast</subfield><subfield code="0">(OCoLC)fst01215709</subfield></datafield><datafield ind1=" " ind2=" " tag="752"><subfield code="a">United States</subfield><subfield code="b">California</subfield><subfield code="c">Trinity</subfield><subfield code="d">Weaverville.</subfield></datafield><datafield ind1="0" ind2="4" tag="785"><subfield code="t">Trinity journal (Weaverville, Calif. : 1856)</subfield><subfield code="w">(DLC)sn 93053243</subfield></datafield></record>